@misc{Shatz2022Dec,
	title = {{Why People Procrastinate: The Psychology and Causes of Procrastination {\textendash} Solving Procrastination}},
	author = {Itamar Schatz}
	year = {2022},
	month = dec,
	note = {[Online; accessed 6. Dec. 2022]},
	url = {https://solvingprocrastination.com/why-people-procrastinate}
}

@article{Trope2010Apr,
	author = {Trope, Yaacov and Liberman, Nira},
	title = {{Construal-Level Theory of Psychological Distance}},
	journal = {Psychol. Rev.},
	volume = {117},
	number = {2},
	pages = {440},
	year = {2010},
	month = apr,
	publisher = {NIH Public Access},
	doi = {10.1037/a0018963},
}
@misc{Steel2007,
	title = {{The nature of procrastination: A meta-analytic and theoretical
	         review of quintessential self-regulatory failure. - PsycNET}},
	year = {2007},
	author = {Steel, P},
	note = {[Online; accessed 1. Dec. 2022]},
	url = {https://psycnet.apa.org/doiLanding?doi=10.1037%2F0033-2909.133.1.65},
}


@article{Sirois2013Feb,
	author = {Sirois, Fuschia M.},
	title = {{Procrastination and Stress: Exploring the Role of Self-compassion}},
	journal = {Self and Identity},
	pages = {128--145},
	year = {2013},
	month = feb,
	issn = {1529-8868},
	publisher = {Routledge},
	doi = {10.1080/15298868.2013.763404},
}


@article{Flett2012Dec,
	author = {Flett, Gordon L. and Stainton, Murray and others},
	title = {{Procrastination Automatic Thoughts as a Personality Construct: An
	         Analysis of the Procrastinatory Cognitions Inventory}},
	journal = {J. Rat-Emo. Cognitive-Behav. Ther.},
	volume = {30},
	number = {4},
	pages = {223--236},
	year = {2012},
	month = dec,
	issn = {1573-6563},
	publisher = {Springer US},
	doi = {10.1007/s10942-012-0150-z},
}
@misc{Perry1995,
	title = {{Structured Procrastination}},
	year = {1995},
	author = {John Perry},
	note = {[Online; accessed 25. Nov. 2022]},
	url = {http://www.structuredprocrastination.com},
}
@article{hen2018causes,
	title = {Causes for procrastination in a unique educational workplace},
	author = {Hen, Meirav},
	journal = {Journal of Prevention \& Intervention in the Community},
	volume = {46},
	number = {3},
	pages = {215--227},
	year = {2018},
	publisher = {Taylor \& Francis},
}
@article{lay1986last,
	title = {At last, my research article on procrastination},
	author = {Lay, Clarry H},
	journal = {Journal of research in personality},
	volume = {20},
	number = {4},
	pages = {474--495},
	year = {1986},
	publisher = {Elsevier},
}
@article{burke2011gamification,
	title = {Gamification Primer: Life becomes a game},
	author = {Burke, Brian},
	journal = {Gartner Inc},
	year = {2011},
}

@article{Yan2022,
	author = {Yan, Bo and Zhang, Xiaomin},
	title = {{What Research Has Been Conducted on Procrastination? Evidence From a
	         Systematical Bibliometric Analysis}},
	journal = {Front. Psychol.},
	volume = {0},
	year = {2022},
	issn = {1664-1078},
	publisher = {Frontiers},
	doi = {10.3389/fpsyg.2022.809044},
}


@book{Csikzentmihalyi1990,
	author = {Michaly Csikzentmihalyi},
	title = {The Flow},
	date = {1990},
}

@book{McClelland1961,
	author = {McClelland},
	title = {The achieving society},
	date = {1961},
}

@book{Brod1984Jan,
	author = {Brod, C.},
	title = {{Technostress: The Human Cost Of The Computer Revolution}},
	year = {1984},
	month = jan,
	isbn = {978-0-20111211-5},
	publisher = {Basic Books},
	address = {New York, NY, USA},
	url = {
	       https://books.google.ch/books/about/Technostress.html?id=CtMmAAAAMAAJ&redir_esc=y
	       },
}

@article{Mark2008Jan,
	author = {Mark, Gloria and Gudith, Daniela and others},
	title = {{The cost of interrupted work: More speed and stress}},
	journal = {Conference on Human Factors in Computing Systems - Proceedings},
	pages = {107--110},
	year = {2008},
	month = jan,
	doi = {10.1145/1357054.1357072},
}

@misc{PewResearch2022Nov,
	title = {{Social Media Fact Sheet}},
	journal = {Pew Research Center: Internet, Science {\&} Tech},
	year = {2022},
	month = nov,
	note = {[Online; accessed 24. Nov. 2022]},
	url = {https://www.pewresearch.org/internet/fact-sheet/social-media},
}
@article{Vithayathil2018Jan,
	author = {Vithayathil, Joseph and Dadgar, Majid and others},
	title = {{Does social media use at work lower productivity?}},
	journal = {Int. J. Inf. Technol. Manage.},
	volume = {19},
	number = {1},
	year = {2018},
	month = jan,
	issn = {1461-4111},
	publisher = {Inderscience},
	doi = {10.1504/IJITM.2020.10026231},
}

@article{Marsh2022Mar,
	author = {Marsh, Elizabeth and Vallejos, Elvira Perez and others},
	title = {{The digital workplace and its dark side: An integrative review}},
	journal = {Computers in Human Behavior},
	volume = {128},
	pages = {107118},
	year = {2022},
	month = mar,
	issn = {0747-5632},
	publisher = {Pergamon},
	doi = {10.1016/j.chb.2021.107118},
}
@article{Kendrick1987May,
	author = {Kendrick, John W.},
	title = {{Happiness Is Personal Productivity Growth on JSTOR}},
	journal = {Challenge},
	volume = {30},
	number = {2},
	pages = {37--44},
	year = {1987},
	month = may,
	url = {https://www.jstor.org/stable/40720577},
}


@misc{Joblist2022Nov,
	title = {{How Working Remotely Impacts Life Outside of Your Job {$\vert$}
	         Joblist}},
	year = {2022},
	month = nov,
	note = {[Online; accessed 23. Nov. 2022]},
	url = {
	       https://www.joblist.com/trends/how-working-remotely-impacts-life-outside-of-your-job
	       },
}

@misc{Raguz2020Sep,
	title = {{Home Office: Advantages and Disadvantages - MILESTONE Living}},
	journal = {MILESTONE Living},
	year = {2020},
	month = sep,
	note = {[Online; accessed 8. Nov. 2022]},
	url = {https://www.milestone.net/blog/home-office-advantages-disadvantages},
}


@misc{BibEntry2022Nov,
	title = {{State of Remote Work 2021 {$\vert$} Owl Labs}},
	year = {2022},
	month = nov,
	note = {[Online; accessed 8. Nov. 2022]},
	url = {https://owllabs.com/state-of-remote-work/2021},
}


@misc{BibEntry2020Sep,
	title = {{Home Office: Advantages and Disadvantages - MILESTONE Living}},
	%AUTHOR? = journal,
}= {MILESTONE Living},
	year = {2020},
	month = sep,
	note = {[Online; accessed 8. Nov. 2022]},
	url = {https://www.milestone.net/blog/home-office-advantages-disadvantages}
}
 (ROFPLT3)
()

@misc{Yuko2020Jun,
	author = {Yuko},
	title = {{What Happened When the Office Came Home}},
	journal = {Bloomberg},
	year = {2020},
	month = jun,
	publisher = {Bloomberg},
	note = {[Online; accessed 8. Nov. 2022]},
	url = {
	       https://www.bloomberg.com/news/articles/2020-06-11/the-rise-fall-and-rise-of-the-home-office
	       },
}
@incollection{Lu2014Dec,
	author = {Lu, Zeqing and Matthews, Ben and Viller, Stephen},
	title = {{Designing for reducing procrastination on side projects}},
	booktitle = {{OzCHI '14: Proceedings of the 26th Australian Computer-Human
	             Interaction Conference on Designing Futures: the Future of Design}
	             },
	pages = {396--399},
	year = {2014},
	month = dec,
	isbn = {978-1-45030653-9},
	publisher = {Association for Computing Machinery},
	address = {New York, NY, USA},
	doi = {10.1145/2686612.2686673},
}

@article{Kenton2022Aug,
	author = {Kenton, Will},
	title = {{What Is Productivity and How to Measure It Explained}},
	journal = {Investopedia},
	year = {2022},
	month = aug,
	publisher = {Investopedia},
	url = {https://www.investopedia.com/terms/p/productivity.asp},
}


@incollection{Kim2019May,
	author = {Kim, Young-Ho and Choe, Eun Kyoung and Lee, Bongshin and Seo,
	          Jinwook},
	title = {{Understanding Personal Productivity: How Knowledge Workers Define,
	         Evaluate, and Reflect on Their Productivity}},
	booktitle = {{CHI '19: Proceedings of the 2019 CHI Conference on Human Factors
	             in Computing Systems}},
	pages = {1--12},
	year = {2019},
	month = may,
	isbn = {978-1-45035970-2},
	publisher = {Association for Computing Machinery},
	address = {New York, NY, USA},
	doi = {10.1145/3290605.3300845},
}


@article{Oudeyer2007,
	author = {Oudeyer, Pierre-Yves and Kaplan, Frederic},
	title = {{What is Intrinsic Motivation? A Typology of Computational Approaches
	         }},
	journal = {Front. Neurorob.},
	volume = {1},
	year = {2007},
	publisher = {Frontiers Media SA},
	doi = {10.3389/neuro.12.006.2007},
}


@article{Ozdamli2021Aug,
	author = {Ã–ZDAMLI, Fezile and Yazdeen, Dlgash Faran},
	title = {{GAMIFICATION IN COMPUTER SCIENCE COURSES: A LITERATURE REVIEW}},
	journal = {Near East University Online Journal of Education},
	volume = {4},
	number = {2},
	pages = {90--106},
	year = {2021},
	month = aug,
	url = {https://dergipark.org.tr/en/pub/neuje/issue/64876/994640},
}


@article{Legault2016Nov,
	author = {Legault, Lisa},
	title = {{Intrinsic and Extrinsic Motivation}},
	journal = {Encyclopedia of Personality and Individual Differences},
	year = {2016},
	month = nov,
	doi = {10.1007/978-3-319-28099-8_1139-1},
}

@book{Leonard2008Dec,
	author = {Leonard, Thomas C.},
	title = {{Richard H. Thaler, Cass R. Sunstein, Nudge: Improving decisions
	         about health, wealth, and happiness}},
	journal = {Const. Polit. Econ.},
	volume = {19},
	number = {4},
	year = {2008},
	month = dec,
	issn = {1572-9966},
	publisher = {Springer US},
	doi = {10.1007/s10602-008-9056-2},
}

@article{Ryan2000Jan,
	author = {Ryan, Richard M. and Deci, Edward L.},
	title = {{Intrinsic and Extrinsic Motivations: Classic Definitions and New
	         Directions}},
	journal = {Contemp. Educ. Psychol.},
	volume = {25},
	number = {1},
	pages = {54--67},
	year = {2000},
	month = jan,
	issn = {0361-476X},
	publisher = {Academic Press},
	doi = {10.1006/ceps.1999.1020},
}

@article{einstein,
	author = {Albert Einstein},
	title = {Zur Elektrodynamik bewegter K{\"o}rper. (German) [On the
	         electrodynamics of moving bodies]},
	journaltitle = {Annalen der Physik},
	year = {1905},
	volume = {322},
	number = {10},
	pages = {891-921},
	doi = {http://dx.doi.org/10.1002/andp.19053221004},
}

@online{knuthwebsite,
	author = {Donald Knuth},
	title = {Knuth: Computers and Typesetting},
	year = {1984},
	url = {http://www-cs-faculty.stanford.edu/~uno/abcde.html},
}

@article{Abril:2007:PHD:1188913.1188915,
	author = {Abril, Patricia S. and Plant, Robert},
	title = {The Patent Holder's Dilemma: Buy, Sell, or Troll?},
	journal = {Commun. ACM},
	issue_date = {January 2007},
	volume = {50},
	number = {1},
	month = jan,
	year = {2007},
	issn = {0001-0782},
	pages = {36--44},
	numpages = {9},
	doi = {10.1145/1188913.1188915},
	acmid = {1188915},
	publisher = {ACM},
	address = {New York, NY, USA},
}

@article{Cohen:2007:DEC:1219092.1219093,
	author = {Cohen, Sara and Nutt, Werner and Sagiv, Yehoshua},
	title = {Deciding Equivalences Among Conjunctive Aggregate Queries},
	journal = {J. ACM},
	issue_date = {April 2007},
	volume = {54},
	number = {2},
	pages = {50 pages},
	month = apr,
	year = {2007},
	articleno = {5},
	doi = {10.1145/1219092.1219093},
	acmid = {1219093},
	publisher = {ACM},
	address = {New York, NY, USA},
	keywords = {Aggregation, Datalog, bag-set semantics, query equivalence},
}

@article{van2013designing,
	title = {Designing robots for care: Care centered value-sensitive design},
	author = {Van Wynsberghe, Aimee},
	journal = {Science and engineering ethics},
	volume = {19},
	number = {2},
	pages = {407--433},
	year = {2013},
	publisher = {Springer},
}



@article{Blohm,
	I. = and,
	Leimeister = J.M.,
}(2013),
title={"Gamification". Business and Information Systems}
author={Blohm, I., and Leimeister, J.M.}
}

@incollection{Lawman2013,
	author = {Lawman, Hannah G. and Wilson, Dawn},
	title = {{Self-determination Theory}},
	booktitle = {{Encyclopedia of Behavioral Medicine}},
	journal = {SpringerLink},
	pages = {1735--1737},
	year = {2013},
	publisher = {Springer, New York, NY},
	address = {New York, NY, USA},
	doi = {10.1007/978-1-4419-1005-9_1620},
}
